@online{FFI,
    author = {Wikipedia},
    title = {Foreign function interface},
    url = {https://en.wikipedia.org/wiki/Foreign_function_interface},
    date = "2022-09-01",
}

@online{JNI,
    author = {Wikipedia},
    title = {Java Native Interface},
    url = {https://en.wikipedia.org/wiki/Java_Native_Interface},
    date = "2022-09-01",
}

@online{ctypes,
    author = {Python},
    title = {A foreign function library for Python},
    url = {https://docs.python.org/3/library/ctypes.html},
    date = "2022-09-01",
}

@online{libffi,
    author = {Github},
    title = {libffi},
    url = {https://github.com/libffi/libffi},
    date = "2022-09-01",
}

@online{reflection,
    author = {Wikpedia},
    title = {Reflective programming},
    url = {https://en.wikipedia.org/wiki/Reflective_programming},
    date = "2022-09-01",
}
