@online{interpreters,
    author={Wikipedia},
    title={Interpreter Variations},
    date="2022-10-01",
    url={https://en.wikipedia.org/wiki/Interpreter_(computing)#Variations}
}
@online{V8,
    author={Google},
    title={V8 JavaScript and WebAssembly engine},
    date="2022-10-01",
    url={https://v8.dev/}
}
@online{jvm,
    author={Wikipedia},
    title={Java JVM and bytecode},
    date="2022-10-01",
    url={https://en.wikipedia.org/wiki/Java_(programming_language)#Java_JVM_and_bytecode}
}
@online{rustc,
    author={Rust Development Team},
    title={Bootstrapping the Compiler (rustc)},
    date="2022-10-01",
    url={https://rustc-dev-guide.rust-lang.org/building/bootstrapping.html}
}
@online{makefile_tutorial,
    author={Competer/Youtube},
    title={Makefile Tutorial - Advanced},
    date="2022-10-29",
    url={https://www.youtube.com/watch?v=PiFUuQqW-v8}
}
@online{c_compilation,
    author={GeeksForGeeks},
    title={Compiling a C program},
    date="2022-10-19",
    url={https://www.geeksforgeeks.org/compiling-a-c-program-behind-the-scenes}
}
@online{gperf,
    author={GNU Org},
    title={GNU gperf},
    date="2022-10-23",
    url={https://www.gnu.org/software/gperf}
}
@online{perfect_hash,
    author={Wikipedia},
    title={Perfect hash function},
    date="2022-10-29",
    url={https://en.wikipedia.org/wiki/Perfect_hash_function}
}
@online{hash_functions,
    author={CSE York University},
    title={Hash Functions},
    date="2022-10-29",
    url={http://www.cse.yorku.ca/~oz/hash.html}
}
@online{freeCodeCamp,
    author={freeCodeCamp.org},
    title={The C Beginner's Handbook},
    date="2022-10-01",
    url={https://www.freecodecamp.org/news/the-c-beginners-handbook}
}
@online{separate_chaining,
    author={Wikipedia},
    title={Hash Table, Separate Chaining},
    date="2022-10-23",
    url={https://en.wikipedia.org/wiki/Hash_table#Separate_chaining}
}
@online{dfsm,
    author={Wikipedia},
    title={Deterministic finite automation},
    date="2022-10-30",
    url={https://en.wikipedia.org/wiki/Deterministic_finite_automaton}
}
@online{pratt,
    author={Vaughan Pratt/Wikipedia},
    title={Pratt Parsing},
    date="2022-10-01",
    url={https://en.wikipedia.org/wiki/Operator-precedence_parser#Pratt_parsing}
}
@online{devio,
    author={Jonathan Apodaca},
    title={Pratt Parsing},
    date="2022-10-01",
    url={https://dev.to/jrop/pratt-parsing}
}
@online{parsing_guide,
    author={Gabriele Tomassetti},
    title={A Guide to Parsing: Algorithms and Terminology},
    date="2022-10-29",
    url={https://tomassetti.me/guide-parsing-algorithms-terminology}
}
@online{shunting_yard,
    author={Edsger W. Dijkstra/Wikipedia},
    title={Shunting Yard algorithm},
    date="2022-10-08",
    url={https://en.wikipedia.org/wiki/Shunting_yard_algorithm}
}
@online{polish_notation,
    author={Wikipedia},
    title={Polish Notation},
    date="2022-10-23",
    url={https://en.wikipedia.org/wiki/Polish_notation}
}
@online{npm,
    author={npm Inc.},
    title={The Node Package Manager},
    date="2022-10-08",
    url={https://www.npmjs.com}
}
@online{cargo,
    author={Rust Development Team},
    title={The Cargo Book},
    date="2022-10-08",
    url={https://doc.rust-lang.org/cargo}
}
@online{kotlin_compile,
    author={Kotlin Org},
    title={What does Kotlin compile down to?},
    date="2022-10-29",
    url={https://kotlinlang.org/docs/faq.html#which-versions-of-jvm-does-kotlin-target}
}
@online{FFI,
    author = {Wikipedia},
    title = {Foreign function interface},
    url = {https://en.wikipedia.org/wiki/Foreign_function_interface},
    date = "2022-09-01",
}
@online{JNI,
    author = {Wikipedia},
    title = {Java Native Interface},
    url = {https://en.wikipedia.org/wiki/Java_Native_Interface},
    date = "2022-09-01",
}
@online{ctypes,
    author = {Python},
    title = {A foreign function library for Python},
    url = {https://docs.python.org/3/library/ctypes.html},
    date = "2022-09-01",
}
@online{libffi,
    author = {Github},
    title = {libffi},
    url = {https://github.com/libffi/libffi},
    date = "2022-09-01",
}
@online{reflection,
    author = {Wikpedia},
    title = {Reflective programming},
    url = {https://en.wikipedia.org/wiki/Reflective_programming},
    date = "2022-09-01",
}
@online{drawio,
    author={app.diagrams.net},
    title={Create Diagrams Online},
    date="2022-10-23",
    url={https://app.diagrams.net}
}
@online{anonymous,
    author={Wikipedia},
    title={Anonymous function},
    date="2022-10-30",
    url={https://en.wikipedia.org/wiki/Anonymous_function}
}
@online{llvm,
    author={LLVM Org},
    title={The LLVM Compiler Infrastructure},
    date="2022-10-30",
    url={https://llvm.org}
}
@online{cpreprocessor,
    author={GNU Org},
    title={The C Preprocessor},
    date="2022-10-30",
    url={https://gcc.gnu.org/onlinedocs/cpp}
}
